% use `texdoc biblatex` to get help
@www{zjuthesisrules,
    title = {浙江大学本科生毕业论文（设计）编写规则},
    author = {浙江大学本科生院},
    year = {2018},
    url = {http://bksy.zju.edu.cn/attachments/2018-01/01-1517384518-1149149.pdf},
}
@www{tikz,
    title = {tikz宏包},
    author = {Till Tantau},
    year = {2018},
    url = {https://sourceforge.net/projects/pgf/},
}
@www{zjuthesis,
    title = {浙江大学毕业设计/论文模板},
    author = {王子轩},
    year = {2019},
    url = {https://github.com/TheNetAdmin/zjuthesis},
}
@www{zjugradthesisrules,
    title = {浙江大学研究生学位论文编写规则},
    author = {浙江大学研究生院},
    year = {2008},
    url = {http://grs.zju.edu.cn/redir.php?catalog_id=10038&object_id=12877},
}
@techreport{3gpptr,
    title = {"Technical Specification Group Radio Access Network; Spatial channel model for Multiple Input Multiple Output (MIMO) simulations"},
    year = {2012},
    number = {3GPPTR 25.996 V11.0.0},
}

@techreport{winnerii,
    title = {"WINNER II Channel Models 2007; D5.3: WINNER+ Final Channel Models 2010"},
    institution = {{IST-4-027756}},
    year = {2010},
    number = {D1.1.2 V1.2},
}


@misc{ieee80211ad,
    title = {"Channel Models for 60 GHz WLAN Systems"},
    author = {{IEEE 802.11ad}},
    year = {2010},
    howpublished = {IEEE 802.11ad 09/0334r8},
}

@misc{cost2100,
    title = {"Channel Model Development and Validation"},
    organization = {{COST 2100}},
}

@techreport{metis2020,
    title = {"D1.2 “Initial channel models based on measurements”"},
    institution = {{METIS 2020}},
    year = {2014},
}

@article{rappaport2013a,
    author = {T. S. Rappaport and others},
    title = {"Millimeter Wave Mobile Communications for 5G Cellular: It Will Work!"},
    journal = {IEEE Access},
    volume = {1},
    pages = {335-349},
    year = {2013},
}

@article{rappaport2013b,
    author = {T. S. Rappaport and others},
    title = {"Broadband Millimeter-Wave Propagation Measurements and Models Using Adaptive-Beam Antennas for Outdoor Urban Cellular Communications"},
    journal = {IEEE Transactions on Antennas and Propagation},
    volume = {61},
    pages = {1850-1859},
    year = {2013},
}

@inproceedings{keusgen2013,
    author = {W. Keusgen and others},
    title = {"A highly flexible digital radio testbed and 60 GHz application examples"},
    booktitle = {IEEE European Microwave Conference (EuMC)},
    year = {2013},
}

@article{maltsev2009,
    author = {A. Maltsev and others},
    title = {"Experimental investigation of 60 GHz wireless systems in office environment"},
    journal = {IEEE JSAC},
    volume = {27},
    number = {8},
    pages = {1488-1499},
    year = {2009},
}

@misc{sawada2010,
    title = {"Intra-cluster response model and parameter for channel modeling at 60 GHz (Part 3)"},
    howpublished = {IEEE doc. 802.11-10/0112r1},
    month = {1},
    year = {2010},
}

@article{maltsev2010,
    author = {A. Maltsev and others},
    title = {"Impact of Polarization Characteristics on 60-GHz Indoor Radio Communication Systems"},
    journal = {IEEE Antennas And Wireless Propagation Letters},
    volume = {9},
    pages = {413},
    year = {2010},
}

@article{khan2011,
    author = {F. Khan and Z. Pi},
    title = {"An introduction to millimeter-wave mobile broadband systems"},
    journal = {IEEE Comm. Mag.},
    volume = {49},
    number = {6},
    pages = {101–107},
    year = {2011},
}

@inproceedings{jacob2011,
    author = {M. Jacob and others},
    title = {"A ray tracing based stochastic human blockage model for the IEEE 802.11ad 60 GHz channel model"},
    booktitle = {Antennas and Propagation (EUCAP), Proceedings of the 5th European Conference on},
    month = {4},
    year = {2011},
}

@misc{miweba2013,
    title = {"MiWEBA Project homepage"},
    howpublished = {\url{http://www.miweba.eu/project.html}},
    year = {2013},
}

@techreport{miweba2014,
    title = {"MiWEBA project deliverable D5.1"},
    year = {06 2014},
    howpublished = {\url{http://www.miweba.eu/data/MiWEBA_D5.1_v1.01.pdf}},
}




